@BOOK{Zannoti:1,
AUTHOR="J.P Zannoti",
TITLE="Site tout sombre",
PUBLISHER="Le Zannoti",
YEAR="Le futur",
}


@BOOK{Hoare:1,
AUTHOR="C.A.R Hoare",
TITLE="An axiomatique basis for computer programming",
PUBLISHER="ACM",
YEAR="1969",
}
